@article{dueker1997markov,
  title={Markov switching in GARCH processes and mean-reverting stock-market volatility},
  author={Dueker, Michael J},
  journal={Journal of Business \& Economic Statistics},
  volume={15},
  number={1},
  pages={26--34},
  year={1997},
  publisher={Taylor \& Francis Group}
}

@article{schaller1997regime,
  title={Regime switching in stock market returns},
  author={Schaller, Huntley and Norden, Simon Van},
  journal={Applied Financial Economics},
  volume={7},
  number={2},
  pages={177--191},
  year={1997},
  publisher={Taylor \& Francis}
}

@article{hamilton1988rational,
  title={Rational-expectations econometric analysis of changes in regime: An investigation of the term structure of interest rates},
  author={Hamilton, James D},
  journal={Journal of Economic Dynamics and Control},
  volume={12},
  number={2},
  pages={385--423},
  year={1988},
  publisher={Elsevier}
}

@article{evans199621,
  title={21 Peso problems: Their theoretical and empirical implications},
  author={Evans, Martin DD},
  journal={Handbook of statistics},
  volume={14},
  pages={613--646},
  year={1996},
  publisher={Elsevier}
}

@article{rabiner1989tutorial,
  title={A tutorial on hidden Markov models and selected applications in speech recognition},
  author={Rabiner, Lawrence},
  journal={Proceedings of the IEEE},
  volume={77},
  number={2},
  pages={257--286},
  year={1989},
  publisher={IEEE}
}

@article{frydman2008credit,
  title={Credit rating dynamics and Markov mixture models},
  author={Frydman, Halina and Schuermann, Til},
  journal={Journal of Banking \& Finance},
  volume={32},
  number={6},
  pages={1062--1075},
  year={2008},
  publisher={Elsevier}
}

@article{Hamilton1989, 
  title = {A New Approach to the Economic Analysis of Nonstationary Time Series and the Business Cycle}, 
  author = {James D. Hamilton},
  journal = {Econometrica},
  volume = {52}, 
  number = {2}, 
  year = {1989}, 
  pages = {357 - 384}, 
}

@article{Baum1970, 
  title = {A Maximization Technique Occuring in the Statistical Analysis of Probabilistic Functions of Markov Chains}, 
  author = {Leonard E Baum and Ted Petrie and George Soules and Norman Weiss}, 
  journal = {The Annals of Mathematical Statistics}, 
  year = {1970}, 
  volume = {41},  
  number = {1}, 
  URL = {http://projecteuclid.org/euclid.aoms/1177697196}, 
}

@article{depmixS4,
    title = {{depmixS4}: An {R} Package for Hidden Markov Models},
    author = {Ingmar Visser and Maarten Speekenbrink},
    journal = {Journal of Statistical Software},
    year = {2010},
    volume = {36},
    number = {7},
    pages = {1--21},
    url = {http://www.jstatsoft.org/v36/i07/}
}

@phdthesis{Hayward2013, 
  author = {Rob Hayward}, 
  title = {Towards a model of speculation in the forign exchange market},
  school = {University of Brighton Business School},
  year = {2013},
} 

@article{Tapering, 
  title = {Impact of Fed Tapering Announcements on Emerging Markets}, 
  author = {Prachi Mishra and Kenji Moriyama and Papa M'B.P. N'Diaye},
  journal = {IMF Working Paper}, 
  volume = {14}, 
  number = {109}, 
  year = {2014}, 
  URL = {http://www.imf.org/external/pubs/cat/longres.aspx?sk=41655.0},
}

@article{FTS, 
  journal = {Finance and Economics Discussion Series}, 
  title = {Flights to Safety}, 
  author = {Lieven Baele and Greet Bekaert and Koen Inghelbrecht and Min Wei}, 
  volume = {2014}, 
  number = {46},
  year = {2014}, 
  URL = {http://www.federalreserve.gov/pubs/feds/2014/201446/201446abs.html},
}

@inproceedings{IFCMeasure,
  journal = {{IFC} Bulletin}, 
  volume = {31}, 
  title = {Measures of financial stability - a review}, 
  author = {Blaise Gadanecz and Kaushik Jayaram}, 
  year = {2008}, 
  booktitle = {Proceedings of the IFC COnfernece on Measuring Financial Innovation and its impact},
}


@article{dempster1977maximum,
  title={Maximum likelihood from incomplete data via the EM algorithm},
  author={Dempster, Arthur P and Laird, Nan M and Rubin, Donald B},
  journal={Journal of the Royal Statistical Society. Series B (Methodological)},
  pages={1--38},
  year={1977},
  publisher={JSTOR}
}

@article{Avdjiev2014, 
  author = {Stefan Avdjiev and Zheng Zeng}, 
  title = {Credit Growth, Monetary Policy, and Economic Activity in a Three-Regime TVAR Model}, 
  year = {2014}, 
  journal = {BIS Working Papers}, 
  number = {449}, 
  url = {http://www.bis.org/publ/work449.htm}
}

@article{Cerutti2014, 
  title = {Global Liquiity and Drivers of Cross-Border Bank Flows}, 
  author = {E. Ceruttie and S Claessens and L. Ratnovski}, 
  journal = {IMF Working Paper}, 
  number = {69}, 
  volume = {14}, 
  year = {2014}, 
}

@conference{Rey2013, 
  author = {H. Rey}, 
  title = {Dilemma not Trilemma. The global financial cycle and monetary policy independence}, 
  year = {2013}, 
  booktitle = {Proceedings of the Federal Reseve Bank of Kansas City Economic Symposium in Jackson Hole},
url = {http://www.kansascityfed.org/publicat/sympos/2013/2013rey.pdf},
}

@unpublished{Obstfeld2014, 
  title = {Trilemmas and Tradeoffs - Living with Financial Globalization}, 
  authors = {M. Obstfeld},
  year = {2014},
  note = {mimeo, University of Berkeley},
}

@unpublished{Bruno2014, 
  title = {Cross-border banking and global liquidity}, 
  author = {V. Bruno  and H. S. Shin},
  year = {2014},
  note = {mimeo, Princeton University},
}

@article{Ahmed2014,
title = "Capital Flows to Emerging Market Economies: A Brave New World? ",
journal = "Journal of International Money and Finance ",
volume = "",
number = "0",
pages = " - ",
year = "2014",
note = "",
issn = "0261-5606",
doi = "http://dx.doi.org/10.1016/j.jimonfin.2014.05.015",
url = "http://www.sciencedirect.com/science/article/pii/S0261560614000928",
author = "Shaghil Ahmed and Andrei Zlate"
}

@incollection{Bernanke1999Chapter,
    booktitle = {Handbook of Macroeconomics},
    pages = {1341--1393},
    title = {Chapter 21 The Financial Accelerator in a Quantitative Business Cycle Framework},
    author = {Ben Bernanke and Mark Gertler and Simon Gilchrist},
    volume = {1},
    number = {C},
    year = {1999},
}

@article{BernankeGertlerAgency,
  title = {Agency Costs, Net Worth and Business Fluctuations}, 
  author = {Ben Bernanke and Mark Gertler}, 
  journal = {American Economic Review}, 
  volume = {79}, 
  number = {1}, 
  pages = {14 - 31},
  year = {1989}
}

@article{Azaraidis, 
  title = {Financial Intermediation and Regime Switching in Busiess Cycles},
  author = {Costas Azaraidis and Bruce Smith},
  journal = {American Economic Review}, 
  volume = {88}, 
  number = {}, 
  pages = {516 - 536},
  year = {1998},
}

@article{BernankeGertler,
  title = {The Financial Accelerator and the Flight to Quality}, 
  author = {Ben Bernanke and Mark Gertler and Simon Gilchrist}, 
  journal = {Review of Economics and Statistics}, 
  year = {1996}, 
  number = {1},
  volume = {78},
  pages = {1 - 15},
}

@article{Balke, 
  title = {Credit and Economic Acivity: Creddit Regimes and Nonlinear Propogation of Shocks},
  journal = {The Review of Economics and Statistics}, 
  author = {Nathan S Balke},
  year = {2000}, 
  volume = {82}, 
  number = {2}, 
  pages = {344 - 349},
}

@article{DornbuschSS, 
  title = {Currenc Crises and Collapses}, 
  author = {Rudiger Dornbusch and Alejandro Werner},
  journal = {Brookings Papers in Economic Activity},
  year = {1995},
  number = {2},
  volume = {1995},
  pages = {219 - 293},
}

@book{KrugmanSS,
  year = {2000},
  title = {Currency Crises},
  editor = {Paul Krugman},
  publisher = {University of Chicago Press, Chicago},
}
 
@article{CalvoSS, 
  title = {Capital flows and capital-market crises {:} the simple economics of sudden stops}, 
  author = {Guillermo A. Calvo},
  journal = {Journal of Applied Economcs},
  volume = {1},
  year = {1998},
}

@book{ReinhartRogoff,
  author = {C. Reinhart and K. Rogoff},
  title = {This Time is Different:  Eight Centuries of Financial Folly},
  publisher = {Princeton University Press, Princeton},
  year = {2009},
}

@book{FisherBD,
   author = {I. Fisher},
   title = {Booms and Depressions: Some First Principles},
   publisher = {Adelphi, New York},
   year = {1932},
}
 
@article{FisherDD,
   author = {I. Fisher},
   title = {The Debt-Deflation Theory of Great Depressions},
   year = {1933},
   journal = {Econometrica},
   volume = {1},
   number = {4},
   pages = {337-357},
}

@article{Schwartzavailability, 
  title = {Ease of retrival as information {:}Another look at the availability heuristic}, 
  journal = {Journal of Personality and Social Psychology}, 
  volume = {6}, 
  number = {2}, 
  year = {1991}, 
  pages = {195 - 202}, 
  author = {Helga Schwartz and Annette Simons}, 
}

@article{KTAvailability, 
  title = {Availability: A heuristic for judging frequency and probability}, 
  journal = {Cognitive Psychology}, 
  volume = {5}, 
  number = {2}, 
  year = {1973}, 
  author = {Amos Tversky and Daniel Kahneman}, 
  pages = {207 - 232}, 
}

@article{MertensSVAR,
  title = {The Dynamic Effects of Personal and Coroprate Income Tax Changes in the United States},
  author = {Karel Mertens, Morten O. Ravn},
  journal = {American Economic Review},
  volume = {103},
  number = {4}, 
  pages = {1212 - 1247},
  year = {2013},
  URL = {http://dx.doi.org/10.1257/aer.103.4.1212},  
}

@misc{NYFedtaper, 
  author = {Jan Groen and Richard Peck}, 
  title = {Risk aversion, global asset prices, and Fed tightening signals},
  URL = {http://libertystreeteconomics.newyorkfed.org/2014/03/risk-aversion-global-asset-prices-and-fed-tightening-signals-.html},
  year = {2014},
  booktitle = {Liberty Economics},
  publisher = {Federal Reserve Bank of New York},
}

@incollection{IMFLatam, 
  author = {Alexander Klemm, Andre Meier and Sebastian Sosa},
  booktitle = {{IMF}: Regional Economic Outlook: Western Hemisphere - Rising Challenges},
  title = {Taper Tantrum or Tedium: How will the normalization of {U}.{S}. monetary policy affect Latin-America and the Caribbean?},
  pages = {37 - 46},
  year = {2014},
  URL = {http://www.imf.org/external/pubs/ft/reo/2014/whd/eng/pdf/wreo0414.pdf},
}

@article{BrunnermeierBubble,
  author = {Markus Brunnermeier and Martin Oehmke},
  title = {Bubbles, Financial Crises and Systemic Risk},
  journal = {NBER Working Papers}, 
  number = {18398},
  year = {2012},
}


@book{Gabor,
  author = {Daniella Gabor},
  title = {Central Banking and Financialization: A {R}omanian account of how {E}astern {E}urope became subprime},
  publisher = {Palgrave, New York},
  year = {2011},
  series = {Studies in Economic transition},
}

 
@book{TalebSwan,
  author = {Nassim Nicholas Taleb},
  title = {The Black Swan: the impact of the highly improbable},
  publisher = {Penguin, London},
  year = {2007},
}

@article{Davidson2010,
  author = {Paul Davidson},
  title = {Black swans and {K}night's epistemological uncdertainty: are these concepts also underlying   behavioural and post-Walrasian theory?},
  journal = {Journal of Post {K}eynesian Economics},
  volume = {32},
  number = {4},
  year = {2010},
  pages = {567 - 571},
}



@article{Jens,
  author = {Jens H\"{o}lscher and Mariusz Jarmuek},
  title = {Overvalued of undervalued Euroland entry?},
  journal = {Post-Communist economies},
  volume = {17},
  number = {2},
  pages = {235 - 250},
  year = {2005},
}

@article{HauEquity,
  author = {Harald Hau and Helene Rey},
  title = {Exchange rates, equity prices and capital flows},
  journal = {Review of Financial Studies},
  year = {2006},
  volume = {19},
  number = {1}, 
  pages = {273 - 317},
}


@techreport{EBRD,
  title = {Recovery and reform},
  type = {Transition Report},
  institution = {EBRD},
  year = {2010},
  author = {Eric Berglof},
 }

@techreport{ONBcarry, 
  title = {Focus on European Economic Integration:  Foreign Currency Loans},
  institution = {Oesterreichische {N}atonal {B}ank},
  type = {Quarterly Focus},
  year = {2011}, 
  number = {Q1},
}

@article{Chinn2004,
  author = {M.D. Chinn and G. Meredith},
  year = {2004},
  title = {Monetary Policy and long-horizon uncovered interest parity},
  journal = {IMF Staff Papers},
  volume = {51},
  pages = {409 - 430},
}
 
@article{Bansal1999,
   author = {R. Bansal and M. Dahlquist},
   title = {The forward premium puzzle: different tales from developed and emerging economies},
  journal = {Journal of International Economics},
  volume = {51},
  number = {1},
  pages = {115 - 144},
  year = {1999},
}

@article{Roll2000,
  author = {R. Roll and S. Yan},
  title = {An explanation of the forward premium puzzle},
  journal = {European Financial Management},
  volume = {6},
  number = {2},
  year = {2000},
  pages = {121 - 148},
}

@article{Engel1996,
  author = {C. Engel},
  title = {The forward discount anomaly and the risk premium: A survey of recent evidence},
  journal = {Journal of Empirical Finance},
  volume = {3},
  number = {2},
  year = {1996},
  pages = {123 - 192},
}



@book{MinskyStabilising,
  author = {Hyman P. Minsky},
  title = {Stabilizing an Unstable Economy},
  publisher = {Yale University Press},
  year = {1986},
}

@book{MinskyKeynes, 
  author = {Hyman P. Minsky},
  title = {John Maynard Keynes},
  publisher = {Columbia University Press, NY},
  year = {1975},
}
 

@incollection{Frankel1986,
  author = {J. A. Frankel},
  year = {1986},
  title = {International Capital Mobility and Crowding out in the US economy: Imperfect integration of financial  markets or goods markets},
  booktitle = {How open is the US economy},
  editor = {R. Hafer}, 
  publisher = {Lexington Books},
}


 
@book{Kindleberger,
  author = {Charles P. Kindleberger},
  title = {Manias, Panics, and Crashes: A history of financial crises},
  publisher = {John Wiley and Sons, New York},
  year = {1978},
}


@article{Diamond, 
  author = {Richard V. Diamond},
  title = {Vix as a variance swap},
  url = {http://ssrn.com/abstract=2030292},
  year = {2012},
}

@article{GoldmanVol,
  author = {Kresimier Demeterfi and Emanuel Derman and Michael Kamal and Joseph Zou},
  title = {More than you ever wanted to know about volatility swaps},
  journal = {Goldman Sachs Quantitative Strategies Research Notes},
  year = {1999},
 } 

@misc{VIX,
  author = {{Chicago Board of Trade}},
  title = {The VIX White Paper},
  year = {2009},
  url = {http://www.cboe.com/micro/vix/vixwhite.pdf}
}

@article{BrennerGalai,
  author = {Menachem Brenner and Dan Galai},
  title = {New Financial Instruments for hedging changes in volatility},
  journal = {Financial Analysts Journal},
  volume = {45},
  number = {4},
  year = {1989},
  pages = {61-65},
}



@book{Gorton2013,
  author = {Garry B. Gorton},
  title = {Misunderstanding Financial Crises: Why we don't see them coming},
  year = {2012},
  publisher = {OUP, Oxford},
}
  


@Manual{xtable,
  title = {xtable: Export tables to LaTeX or HTML},
  author = {David B. Dahl},
  year = {2012},
  note = {R package version 1.7-0},
  url = {http://CRAN.R-project.org/package=xtable},
}



@article{SpronkEER,
  title = {Carry trade and foreign exchange rate puzzles},
  author = {Richard Spronk and Willem F.C. Vershoor and Remco C.J. Zwinkels},
  journal = {European Economic Review},
  volume = {60},
  pages = {17-31},
  year = {2013},
}

@incollection{NPpeso,
  title  =  "Peso problem",
  booktitle  =  "The New Palgrave Dictionary of Economics",
  author  =  "Lewis, Karen K.",
  editor  =  "Durlauf, Steven N. and Blume, Lawrence E.",
  year =  "2008",
  publisher  =  "Palgrave Macmillan",
  address  =  "Basingstoke",
}
  
@Manual{R,
      title = {R: A Language and Environment for Statistical
                       Computing},
       author  = {{R Core Team}},
       organization = {R Foundation for Statistical Computing},
       address      = {Vienna, Austria},
       year         = 2013,
       url          = {http://www.R-project.org}
 }


@article{Begg1998, 
  author = {D. Begg}, 
  title = {Pegging Out: Lessons from the Czech Exchange Rate Crisis},
  journal = {Journal of Comparative Economics},
  volume = {26}, 
  number = {4}, 
  year = {1998}, 
  pages = {669 - 690},
}
 
@book{Hodrick1987,
  author = {R. Hodrick},
  title = {The Empirical Evidence on the Efficiency of Forward and Futures Foreign Exchange Markets},
  publisher = {Harwood, New York},
  year = {1987},
}
  

@misc{IMFregime,
   author = {IMF},
  title = {Classification of Exchange Rate Arrangements and Monetary Policy Frameworks},
  year = {2009}, 
  publisher = {IMF}, 
  url = {http://www.imf.org/external/NP/mfd/er/index.aspx},
}

@article{HabibStracca,
  author = {M. Habib and L. Stracca},
  title = {Getting Beyond Carry Trade: What Makes a Safe Haven Currency?},
  journal = {Journal of International Economics},
  volume = {87},
  number = {1},
  year = {2012}, 
  pages = {50 - 64},
}

@article{GabrischOrlowski,
  author = {H. Gabrisch and L. Orlowski}, 
  title = {The Extreme Risk Problem for Monetary Policies of the Euro-Candidates},
  year = {2011},
  journal = {Comparative Economic Studies},
  volume = {53},
  pages = {511 - 534},
 }

@article{BrownDeHaas,
  author = {M. Brown and R. {De Haas}},
  title = {Foreign Currency Lending in Emerging Europe: Bank-Level Evidence},
  journal =  {EBRD Working Paper},
  number = {122},
  year = {2010},
}
 
@article{Korinek2011,
  author = {A. Korinek},
  title = {Hot money and Serial Financial Crises},
  journal = {IMF Economic Review},
  volume = {59},
  pages = {306 - 339},
  year = {2011},
}

@article{BrunnermeierLiquidity,
  author = {M. Brunnermeier and L. Pedersen},
  journal = {Review of Financial Studies},
  title = {Market Liquidity and Funding Liquidity},
  volume = {22},
  number = {6},
  year = {2009},
  pages = {2201 - 2238},
}

@article{BrunnermeierCarry,
  title = {Carry Trades and Currency Crashes},
   author = {M. Brunnermeier and S. Nagel and L. Pedersen},
   journal = {NBER Working Papers},
  number = {14473},
  year = {2008},
}

@article{JurekCrash,
  author = {J. Jurek},
  title = {Crash-Neutral Currency Carry Trades},
   journal = {AFA Atlanta Meetings Paper},
   year = {2007},
}

@article{FrootFrankelFDB,
   author = {K. Froot and J. A. Frankel},
   title = {Forward Discount Bias:  Is it an Exchange Rate Risk Premium?},
   journal = {Quarterly Journal of Economics},
  volume = {6},
  pages = {139 - 161},
  year = {1989},
}

@article{BilsonSpecEff,
   author = {J. Bilson},
   title = {The 'Speculative Efficiency' Hypothesis},
   journal = {The Journal of Business},
   volume = {54},
   number = {3},
   year = {1981},
  pages = {435-451},
}

@article{FrootUIP, 
   author = {K. Froot},
   title = {Short Rates and Expected Asset Returns},
   journal = {NBER Working Paper},
   number = {3247},
  year = {1990},
}

@article{FrootAnomolies, 
   author = {K. Froot and R. Thaler},
   title = {Anomolies: Foreign Exchange},
   journal = {The Journal of Economic Perspectives},
   volume = {4},
   number = {3},
   year = {1990},
   pages = {179 - 192},
}
  

@misc{BISFX,
   title = {Triennial Central Bank survey of Foreign Exchange and Derivatives Market Activity in 2010},
   author = {BIS},
   year = {2010},
   url = {http://www.bis.org/publ/rpfxf10t.htm},
}


@incollection{MinskyFIH, 
   author = {H. P. Minsky},
   title = {The Financial Instability Hypothesis},
   booktitle = {Handbook of Radical Political Economy}, 
  year = {1992},
  editor = {P. Arestis, M. Sawyer},
  publisher = {Edward Elgar, Aldershot},
}
 
@article{FisherDebt,
  author = {I. Fisher},
  title = {The Debt Deflation Theory of Great Depressions},
  year = {1933},
  journal = {Econoometrica},
 }

@article{MinskyLongerWaves,
   author = {H. P.  Minsky},
   title = {Longer Waves in Financial Relations:  Financial Factors in the More Severe Depressions {II}},
   journal = {Journal of Economic Issues}, 
   volume = {29},
   number = {1},
   year = {1995},
}
   


@article{Brunnermeier2009Market,
    journal = {Review of Financial Studies},
    month = jun,
    number = {6},
    pages = {2201--2238},
    publisher = {Oxford University Press},
    title = {Market Liquidity and Funding Liquidity},
    volume = {22},
    year = {2009},
}

